[gd_scene load_steps=3 format=2]

[ext_resource path="res://sketchfab/office_chair/office_chair.tscn" type="PackedScene" id=1]
[ext_resource path="res://sketchfab/mayakoba_dining_table_white_-_703844/table.tscn" type="PackedScene" id=2]

[node name="Spatial" type="Spatial"]

[node name="table" parent="." instance=ExtResource( 2 )]
transform = Transform( 3, 0, 0, 0, 2, 0, 0, 0, 2, 0, 0, 0 )

[node name="Chair1" parent="table" instance=ExtResource( 1 )]
transform = Transform( 1.98748e-09, 0, -0.166667, 0, 0.25, 0, 0.25, 0, 2.98122e-09, -3.09735, 0, -2.51693 )

[node name="Chair2" parent="table" instance=ExtResource( 1 )]
transform = Transform( 1.98748e-09, 0, -0.166667, 0, 0.25, 0, 0.25, 0, 2.98122e-09, -2.49308, 0, -2.51693 )

[node name="Chair3" parent="table" instance=ExtResource( 1 )]
transform = Transform( 1.98748e-09, 0, -0.166667, 0, 0.25, 0, 0.25, 0, 2.98122e-09, -1.68146, 0, -2.51693 )

[node name="Chair4" parent="table" instance=ExtResource( 1 )]
transform = Transform( 1.98748e-09, 0, -0.166667, 0, 0.25, 0, 0.25, 0, 2.98122e-09, -1.09497, 0, -2.51693 )

[node name="Chair5" parent="table" instance=ExtResource( 1 )]
transform = Transform( -1.09278e-08, 0, 0.166667, 0, 0.25, 0, -0.25, 0, -7.28525e-09, 2.48904, 0, -1.96662 )

[node name="Chair6" parent="table" instance=ExtResource( 1 )]
transform = Transform( -1.09278e-08, 0, 0.166667, 0, 0.25, 0, -0.25, 0, -7.28525e-09, 1.88477, 0, -1.96827 )

[node name="Chair7" parent="table" instance=ExtResource( 1 )]
transform = Transform( -1.09278e-08, 0, 0.166667, 0, 0.25, 0, -0.25, 0, -7.28525e-09, 1.07316, 0, -1.97048 )

[node name="Chair8" parent="table" instance=ExtResource( 1 )]
transform = Transform( -1.09278e-08, 0, 0.166667, 0, 0.25, 0, -0.25, 0, -7.28525e-09, 0.486666, 0, -1.97207 )
